@Article{UK-DALE,
  Title        = {The {UK-DALE} dataset, domestic appliance-level
                  electricity demand and whole-house demand from five {UK} homes},
  Author       = {Jack Kelly and William Knottenbelt},
  Journaltitle = {Scientific Data},
  Year         = {2015},
  Date         = {2015/03/31},
  Number       = {150007},
  Volume       = {2},
  Doi          = {10.1038/sdata.2015.7}
}


@article{DBLP:journals/corr/MhannaCV16,
  author    = {Sleiman Mhanna and
               Archie C. Chapman and
               Gregor Verbic},
  title     = {A Fast Distributed Algorithm for Large-Scale Demand Response Aggregation},
  journal   = {CoRR},
  volume    = {abs/1603.00149},
  year      = {2016},
  url       = {http://arxiv.org/abs/1603.00149},
  archivePrefix = {arXiv},
  eprint    = {1603.00149},
  timestamp = {Mon, 13 Aug 2018 16:46:29 +0200},
  biburl    = {https://dblp.org/rec/bib/journals/corr/MhannaCV16},
  bibsource = {dblp computer science bibliography, https://dblp.org}
}

@ARTICLE{8106725,
author={S. {Mhanna} and A. C. {Chapman} and G. {Verbiƒç}},
journal={IEEE Transactions on Power Systems},
title={A Faithful and Tractable Distributed Mechanism for Residential Electricity Pricing},
year={2018},
volume={33},
number={4},
pages={4238-4252},
keywords={concave programming;demand side management;power markets;pricing;smart power grids;supply and demand;tractable distributed mechanism;residential electricity pricing;demand response programs;elastic demand;demand shaping;supply-demand balancing;network support services;dynamic nonlinear pricing scheme;behind-the-meter distributed energy resources;residential batteries;plug-in electric vehicles;smart appliances;DR program;distributed mechanism design concepts;tractable dual-decomposition algorithm;coordination problem;continuously produced commodity;divisible commodity;pricing strategy;DER;ancillary support services;negotiated allocations;Lagrange multipliers;nonconvex DER management;Resource management;Pricing;Algorithm design and analysis;Protocols;Temperature distribution;Power system dynamics;Game theory;Distributed mechanisms;asymptotic faithfulness;collusion proofness;dual decomposition;demand response;Lagrange multipliers},
doi={10.1109/TPWRS.2017.2771945},
ISSN={1558-0679},
month={July},}

@misc{cplex,
  title = {{CPLEX} version 12.9},
  howpublished = {\url{https://www.ibm.com/products/ilog-cplex-optimization-studio}},
  note = {Accessed: 2019-11-02}
}

@manual{mosek,
   author = "MOSEK ApS",
   title = "The MOSEK optimization toolbox for MATLAB manual. Version 9.0.",
   year = 2019,
   url = "http://docs.mosek.com/9.0/toolbox/index.html"
 }
 
 
@Article{7890446,
  author   = {M. {Song} and C. {Gao} and H. {Yan} and J. {Yang}},
  title    = {Thermal Battery Modeling of Inverter Air Conditioning for Demand Response},
  journal  = {IEEE Transactions on Smart Grid},
  year     = {2018},
  volume   = {9},
  number   = {6},
  pages    = {5522-5534},
  month    = {Nov},
  issn     = {1949-3061},
  doi      = {10.1109/TSG.2017.2689820},
  keywords = {air conditioning;buildings (structures);centralised control;demand side management;hierarchical systems;invertors;lithium compounds;optimisation;power consumption;secondary cells;thermal energy storage;thermal battery modeling;inverter air conditioning;thermal energy;current dispatch models;inverter AC system;lithium-ion battery;aggregated TB model;finite-horizon optimization model;power dispatch model;TB modeling;demand response resource;electricity consumption;centralized control;hierarchical control;Inverters;Computational modeling;Load modeling;Biological system modeling;State of charge;Demand response;Thermal management;Batteries;Air conditioning;Demand response;inverter air conditionings;thermal battery;aggregated model;hierarchical control design},
  
  }